@InProceedings{autoner,
  author = 	"Shang, Jingbo
		and Liu, Liyuan
		and Gu, Xiaotao
		and Ren, Xiang
		and Ren, Teng
		and Han, Jiawei",
  title = 	"Learning Named Entity Tagger using Domain-Specific Dictionary",
  booktitle = 	"Proceedings of the 2018 Conference on Empirical Methods in Natural Language Processing",
  year = 	"2018",
  publisher = 	"Association for Computational Linguistics",
  pages = 	"2054--2064",
  location = 	"Brussels, Belgium",
  url = 	"http://aclweb.org/anthology/D18-1230"
}
@misc{
	transformerxl,
	title={Transformer-{XL}: Language Modeling with Longer-Term Dependency},
	author={Zihang Dai* and Zhilin Yang* and Yiming Yang and William W. Cohen and Jaime Carbonell and Quoc V. Le and Ruslan Salakhutdinov},
	year={2019},
	url={https://openreview.net/forum?id=HJePno0cYm},
}
@article{autophrase,
	title={Automated Phrase Mining from Massive Text Corpora},
	author={Jingbo Shang and Jialu Liu and Meng Jiang and Xiang Ren and Clare R. Voss and Jiawei Han},
	journal={IEEE Transactions on Knowledge and Data Engineering},
	year={2018},
	volume={30},
	pages={1825-1837}
}
